@misc{latin,
  title = "Latin Square Data for Expression Algorithm Assessment",
  author= "Affymetrix"
  }